@phdthesis{martelloni:tel-03683015,
  TITLE = {{Mod{\'e}lisation et Simulation des syst{\`e}mes complexes spatialis{\'e}s. Utilisation de Syst{\`e}mes Multi-Agents et Multi-composant pour la gestion des p{\^e}cheries.}},
  AUTHOR = {Martelloni, Paul-Henri},
  URL = {https://theses.hal.science/tel-03683015},
  NUMBER = {2021CORT0016},
  SCHOOL = {{Universit{\'e} Pascal Paoli}},
  YEAR = {2021},
  MONTH = Dec,
  KEYWORDS = {ADM ; Multicomponent ; Decision support ; Modeling and simulation ; DEVS ; Multicomposant ; Aide {\`a} la d{\'e}cision ; SMA ; Mod{\'e}lisation et simulation ; DEVS},
  TYPE = {Theses},
  PDF = {https://theses.hal.science/tel-03683015v1/file/these_martelloni_paul-henri.pdf},
  HAL_ID = {tel-03683015},
  HAL_VERSION = {v1},
}